@misc{ref_1,
author={Wikipedia},
howpublished={http://en.wikipedia.org/wiki/Newton's\_cradle}
}
@misc{ref_2,
author={Wikipedia},
howpublished={http://en.wikipedia.org/wiki/Pulley},
}
@misc{ref_3,
author={Google},
howpublished={http://www.google.com}
}
