@misc{ref_1,
author={Wikipedia},
howpublished={http://en.wikipedia.org/wiki/Stable_marriage_problem}
}
@misc{ref_2,
author={Wikipedia},
howpublished={http://en.wikipedia.org/wiki/Pulley},
}
@misc{django,
author={Adrian Holovaty},
howpublished={http://www.djangobook.com/en/2.0/frontmatter.html}
}
