@misc{ref_1,
author={Wikipedia},
howpublished={\url{http://en.wikipedia.org/wiki/Stable_marriage_problem}}
}
@misc{django,
author={Adrian Holovaty},
howpublished={\url{http://www.djangobook.com/en/2.0/frontmatter.html}}
}
@misc{temp1,
author={w3layouts},
howpublished={\url{http://w3layouts.com/entrar-shadow-flat-form-template/}}
}
@misc{temp2,
author={Bryant Smith},
howpublished={\url{http://bryantsmith.com/template/slickgray/}}
}

